@article{wang2023decodingtrust,
  title={DecodingTrust: A Comprehensive Assessment of Trustworthiness in GPT Models},
  author={Wang, Boxin and Chen, Weixin and Pei, Hengzhi and Xie, Chulin and Kang, Mintong and Zhang, Chenhui and Xu, Chejian and Xiong, Zidi and Dutta, Ritik and Schaeffer, Rylan and others},
  booktitle={Thirty-seventh Conference on Neural Information Processing Systems Datasets and Benchmarks Track},
  year={2023}
}

@article{gehman2020realtoxicityprompts,
  title={Realtoxicityprompts: Evaluating neural toxic degeneration in language models},
  author={Gehman, Samuel and Gururangan, Suchin and Sap, Maarten and Choi, Yejin and Smith, Noah A},
  journal={arXiv preprint arXiv:2009.11462},
  year={2020}
}

@inproceedings{socher-etal-2013-recursive,
    title = "Recursive Deep Models for Semantic Compositionality Over a Sentiment Treebank",
    author = "Socher, Richard  and
      Perelygin, Alex  and
      Wu, Jean  and
      Chuang, Jason  and
      Manning, Christopher D.  and
      Ng, Andrew  and
      Potts, Christopher",
    booktitle = "Proceedings of the 2013 Conference on Empirical Methods in Natural Language Processing",
    month = oct,
    year = "2013",
    address = "Seattle, Washington, USA",
    publisher = "Association for Computational Linguistics",
    url = "https://www.aclweb.org/anthology/D13-1170",
    pages = "1631--1642",
}

@InProceedings{MNLI,
  author = "Williams, Adina
            and Nangia, Nikita
            and Bowman, Samuel",
  title = "A Broad-Coverage Challenge Corpus for
           Sentence Understanding through Inference",
  booktitle = "Proceedings of the 2018 Conference of
               the North American Chapter of the
               Association for Computational Linguistics:
               Human Language Technologies, Volume 1 (Long
               Papers)",
  year = "2018",
  publisher = "Association for Computational Linguistics",
  pages = "1112--1122",
  location = "New Orleans, Louisiana",
  url = "http://aclweb.org/anthology/N18-1101"
}


@inproceedings{klimt2004enron,
  title={The enron corpus: A new dataset for email classification research},
  author={Klimt, Bryan and Yang, Yiming},
  booktitle={Machine Learning: ECML 2004: 15th European Conference on Machine Learning, Pisa, Italy, September 20-24, 2004. Proceedings 15},
  pages={217--226},
  year={2004},
  organization={Springer}
}

@inproceedings{jiminy,
  author       = {Dan Hendrycks and
                  Mantas Mazeika and
                  Andy Zou and
                  Sahil Patel and
                  Christine Zhu and
                  Jesus Navarro and
                  Dawn Song and
                  Bo Li and
                  Jacob Steinhardt},
  title        = {What Would Jiminy Cricket Do? Towards Agents That Behave Morally},
  booktitle    = {Proceedings of the Neural Information Processing Systems Track on
                  Datasets and Benchmarks 1, NeurIPS Datasets and Benchmarks 2021, December
                  2021, virtual},
  year         = {2021}
}

@inproceedings{ethics,
  author       = {Dan Hendrycks and
                  Collin Burns and
                  Steven Basart and
                  Andrew Critch and
                  Jerry Li and
                  Dawn Song and
                  Jacob Steinhardt},
  title        = {Aligning {AI} With Shared Human Values},
  booktitle    = {9th International Conference on Learning Representations, {ICLR} 2021,
                  Virtual Event, Austria, May 3-7, 2021},
  publisher    = {OpenReview.net},
  year         = {2021}
}

